@online{Beispiel1,
	author = {John Marston},
	title = {Beispieltitel},
	year = 1650, 
  url = {www.beispiel_URL.de},
	urldate = {2023-02-27} 
}

@article{muhammad:2010,
  title={Beispieltitel},
  author={Beispielautor},
  journal={Beispieljournal},
  volume={42},
  number={2},
  pages={889--897},
  year={2010},
  publisher={Beispielpublisher}
}
